<record xmlns="http://www.loc.gov/MARC21/slim" xmlns:xsi="http://www.w3.org/2001/XMLSchema-instance" xsi:schemaLocation="http://www.loc.gov/MARC21/slim http://www.loc.gov/standards/marcxml/schema/MARC21slim.xsd"><leader>01305cz   2200205n  4500</leader><controlfield tag="001">oca03941774 </controlfield><controlfield tag="005">20001104071410.0</controlfield><controlfield tag="008">951018n| acannaabn          |a aaa     c</controlfield><datafield ind1=" " ind2=" " tag="010"><subfield code="a">nr 95038408 </subfield></datafield><datafield ind1=" " ind2=" " tag="040"><subfield code="a">NNC</subfield><subfield code="b">eng</subfield><subfield code="c">NNC</subfield><subfield code="d">OCoLC</subfield></datafield><datafield ind1="1" ind2=" " tag="100"><subfield code="a">Aelius Tubero, Q.</subfield><subfield code="q">(Quintus),</subfield><subfield code="d">b. ca. 76 B.C.</subfield></datafield><datafield ind1="1" ind2=" " tag="400"><subfield code="a">Aelius Tubero, Quintus,</subfield><subfield code="d">b ca. 76 B.C.</subfield></datafield><datafield ind1="1" ind2=" " tag="400"><subfield code="a">Tubero, Q. Aelius</subfield><subfield code="q">(Quintus Aelius),</subfield><subfield code="d">b. ca. 76 B.C.</subfield></datafield><datafield ind1="1" ind2=" " tag="400"><subfield code="a">Tubero, Quintus Aelius,</subfield><subfield code="d">b. ca. 76 B.C.</subfield></datafield><datafield ind1="0" ind2=" " tag="400"><subfield code="a">Q. Aelius Tubero</subfield><subfield code="q">(Quintus Aelius Tubero),</subfield><subfield code="d">b. ca. 76 B.C.</subfield></datafield><datafield ind1=" " ind2=" " tag="670"><subfield code="a">The works of Q. Aelius Tubero, 1991:</subfield><subfield code="b">PH CD ROM #5.3, Latin Canon, bibliographic screen (Q. Aelius Tubero)</subfield></datafield><datafield ind1=" " ind2=" " tag="670"><subfield code="a">Pauly-Wissowa:</subfield><subfield code="b">1. Halbbd., col. 537-538, "Aelius", #156 (Q. Aelius Tubero)</subfield></datafield><datafield ind1=" " ind2=" " tag="670"><subfield code="a">Dict. of Greek and Roman biog. and mythology, 1967:</subfield><subfield code="b">v. 3, p. 1180; "Tubero, Aelius", #2 (Q. Aelius Tubero; b. probably about B.C. 76; left politics in 46 B.C. after failure of his case against Q. Ligarius; wrote on history and jurisprudence; possibly consul in 11 B.C.</subfield></datafield><datafield ind1=" " ind2=" " tag="670"><subfield code="a">Oxford class. dict., 1st ed.:</subfield><subfield code="b">p. 11 (Aelius Tubero, Quintus; jurist and annalist; fought for Pompey but was reconciled with Caesar; left politics in 46 B.C.; wrote on jurisprudence and history)</subfield></datafield><datafield ind1=" " ind2=" " tag="670"><subfield code="a">NUC pre-56, Suppl.:</subfield><subfield code="b">v. 687, p. 152 (Aelius Tubero, Quintus)</subfield></datafield></record>